<record><leader>00000cas a22000007a 4500</leader><controlfield tag="001">37630815</controlfield><controlfield tag="008">970916c19949999cauwr ne      0    0eng d</controlfield><datafield ind1=" " ind2=" " tag="010"><subfield code="a">sn 97060537 </subfield></datafield><datafield ind1=" " ind2=" " tag="040"><subfield code="a">CNK</subfield><subfield code="b">eng</subfield><subfield code="c">CNK</subfield><subfield code="d">OCLCQ</subfield><subfield code="d">OCLCF</subfield><subfield code="d">OCLCO</subfield></datafield><datafield ind1="1" ind2=" " tag="029"><subfield code="a">AU@</subfield><subfield code="b">000013497028</subfield></datafield><datafield ind1=" " ind2=" " tag="042"><subfield code="a">msc</subfield></datafield><datafield ind1=" " ind2=" " tag="043"><subfield code="a">n-us-ca</subfield></datafield><datafield ind1="0" ind2="0" tag="245"><subfield code="a">Eastern Sierra times.</subfield></datafield><datafield ind1=" " ind2=" " tag="260"><subfield code="a">Mammoth Lakes, CA :</subfield><subfield code="b">New Times Pub.</subfield></datafield><datafield ind1=" " ind2=" " tag="300"><subfield code="a">v.</subfield></datafield><datafield ind1=" " ind2=" " tag="310"><subfield code="a">Weekly</subfield></datafield><datafield ind1="0" ind2=" " tag="362"><subfield code="a">Vol. 7, no. 37 (Sept. 15, 1994)-</subfield></datafield><datafield ind1=" " ind2="0" tag="651"><subfield code="a">Mono County (Calif.)</subfield><subfield code="v">Newspapers.</subfield></datafield><datafield ind1=" " ind2="7" tag="655"><subfield code="a">Newspapers.</subfield><subfield code="2">fast</subfield><subfield code="0">(OCoLC)fst01423814</subfield></datafield><datafield ind1=" " ind2="7" tag="651"><subfield code="a">California</subfield><subfield code="z">Mono County.</subfield><subfield code="2">fast</subfield><subfield code="0">(OCoLC)fst01213863</subfield></datafield><datafield ind1=" " ind2=" " tag="752"><subfield code="a">United States</subfield><subfield code="b">California</subfield><subfield code="c">Mono</subfield><subfield code="d">Mammoth Lakes.</subfield></datafield><datafield ind1="0" ind2=" " tag="775"><subfield code="t">Mammoth times weekly</subfield><subfield code="w">(DLC)sn 97060532</subfield></datafield></record>